% Encoding: UTF-8

@inproceedings{11977,
  author    = "Justyna Brzezińska",
  title     = "Zero cells problem in the analysis of contingency tables",
  year      = "1977",
  booktitle = "Proceedings of the 8th Professor Aleksander Zelias International Conference on Modelling and Forecasting of Socio-Economic Phenomena",
}

@Article{Zhang2009,
  author       = {Li-Chun Zhang},
  title        = {Estimates for small area compositions subjetect to informative missing data},
  year         = {2009},
  volume       = {35},
  number       = {2},
  pages        = {191-201},
  month        = dec,
  booktitle    = {Survey methodology},
  organization = {Statistics Canada},
}

@Article{Purcell1980,
  author    = {Na Ja Purcell  and Leslie Kish},
  journal   = {International Statistical Review},
  title     = {Postcensal estimates for local areas (or domains)},
  year      = {1980},
  number    = {1},
  pages     = {3-18},
  volume    = {48},
  booktitle = {International Statistical Review},
}

@Article{Ireland1968,
  author  = {Ireland, C. T. and Kullback, S.},
  journal = {Biometrika.},
  title   = {Contingency tables and with given and marginals.},
  year    = {1968},
  month   = mar,
  number  = {1},
  pages   = {179 - 188},
  volume  = {55},
  file    = {:C\:\\Users\\alejandraas\\Documents\\Literatura importante\\Contingency tables\\contingency tables with given marginals.pdf:PDF},
}

@Article{Noble2002,
  author  = {Noble, A. and Haslett, S. and Arnold, G.},
  journal = {Journal of Official Statistics},
  title   = {Small area estimation via generalized linear models},
  year    = {2002},
  number  = {1},
  pages   = {45-60},
  volume  = {18},
}

@Book{christensen1997,
  title     = {Log-linear models and logistic regression},
  publisher = {Springer Science},
  year      = {1997},
  author    = {Christensen, Ronald},
  booktitle = {Log-linear models and logistic regression},
  file      = {:C\:\\Users\\alejandraas\\Documents\\Literatura importante\\(Springer texts in statistics) Ronald Christensen - Log-Linear Models and Logistic Regression-Springer (1997).pdf:PDF},
}

@Book{Fienberg1970,
  author    = {Stephen E. Fienberg},
  publisher = {Institute of Mathematical Statistics},
  title     = {An iterative procedure for estimation in contingency tables},
  year      = {1970},
  month     = jun,
  note      = {Retrieved from https://www.jstor.org/stable/2239244 Accessed: 27-02-2020 13:13 UTC},
  number    = {3},
  volume    = {41},
  booktitle = {The Annals of Mathematical Statistics},
  file      = {:C\:\\Users\\alejandraas\\Documents\\Literatura importante\\IPF\\An interative Procedure for estimation in contingency tables.pdf:PDF},
  pages     = {907-917},
}



@PhdThesis{Zaloznik2011,
  author = {Maja Zaloznik},
  title  = {Iterative proportional fitting - theoretical synthesis and practical limitations},
  school = {University of Liverpool},
  year   = {2011},
  file   = {:C\:\\Users\\alejandraas\\Documents\\Literatura importante\\IPF\\IterativeProportionalFittingFINAL.pdf:PDF},
}

@article{Zhang2004,
  author  = {Li-Chun Zhang and Raymond L. Chambers},
  title   = {Small area estimates for cross-classifications},
  journal = {Journal of the Royal Statistical Society. Series B (Statistical Methodology)},
    note = {DOI: https://doi.org/10.1111/j.1369-7412.2004.05266.x},
  year    = {2004},
  volume  = {66},
  number  = {2},
  pages   = {479--496},
}

@PhdThesis{Luna2016,
  author = {Angela Luna-Hernández},
  title  = {Multivariate structure preserving estimation for population compositions},
  school = {University of Southampton},
  year   = {2016},
  file   = {:C\:\\Users\\alejandraas\\Documents\\Literatura importante\\LUNA Multivariate SPREE for population compositions.pdf:PDF},
}

@Article{Viscaino2013,
  author    = {Esther López Viscaíno and María José Lombardía and Domingo Morales},
  title     = {Multinomial-based small area estimation of labour force indicators},
  journal   = {Statistical Modelling},
  year      = {2013},
  volume    = {13},
  number    = {2},
  pages     = {153--178},
  month     = {apr},
  doi       = {10.1177/1471082x13478873},
}

@Book{Everitt2011,
  title     = {An introduction to applied multivariate analysis in r},
  publisher = {Springer},
  year      = {2011},
  author    = {Brian Everitt and Torsten Hothorn},
  editor    = {Robert Gentleman and Kurt Hornik and Giovanni Parmigiani},
  address   = {New York},
  file      = {:C\:\\Users\\alejandraas\\Documents\\Literatura importante\\An introduction to applied multivariate analysis.pdf:PDF},
}

@PhdThesis{Cinco2010,
  author    = {Marissa Cinco Isidro},
  title     = {Intercensal updating of small area estimates},
  school    = {Massey University, New Zeland},
  year      = {2010},
  file      = {:C\:\\Users\\alejandraas\\Documents\\Literatura importante\\SPREE\\Intercensal updating of SAE CINCO.pdf:PDF},
  publisher = {Copyright is owned by the Author of the thesis. Permission is given for a copy to be downloaded by an individual for the purpose of research and private study only. The thesis may not be reproduced elsewhere without the permission of the Author.},
}


@inproceedings{Green1998,
    title = {Small area estimation given regular updates of census auxiliary variables},
    year = {1998},
    booktitle = {Proceedings of the New Techniques and Technologies for Statistics Conference},
    author = {Green, Aaron and Haslett, Stephen and Zingel, Chris},
    note = {Sorrento, Italy}
}

@Article{Haslett2008,
  author  = {Stephen Haslett and Alasdair Noble and Felibel Zabala},
  title   = {New approaches to small area estimation of unemployment, the official statistical system, wellington},
  journal = {Official Statistics Research Series},
  year    = {2008},
  volume  = {3},
  file    = {:C\:\\Users\\alejandraas\\Documents\\Literatura importante\\New Approaches to sae for unemployment.pdf:PDF},
}

@Article{Deming1940,
  author  = {Edwards Deming and Frederick Stephan},
  title   = {On a least squares adjustment of a sampled frequency table when the expected marginal totals are known},
  journal = {The Annals of Mathematical Statistics},
  year    = {1940},
  volume  = {11},
  number  = {4},
  pages   = {427--444},
     note = {Available at: http://www.jstor.org/stable/2235722 (accessed June 2021)},

  }

@Book{Agresti2002,
  title     = {Categorical data analysis},
  publisher = {John Wiley \& Sons, Inc.},
  year      = {2002},
  author    = {Allan Agresti},
  file      = {:C\:\\Users\\alejandraas\\Documents\\Literatura importante\\Datos categoricos log-linear models\\AGRESTI.PDF:PDF},
}

@Book{Dobson2008,
  title     = {An introduction to generalized linear models},
  publisher = {CRC press.},
  year      = {2008},
  author    = {Annette Dobson and Adrian Bernett},
  file      = {:C\:\\Users\\alejandraas\\Documents\\Literatura importante\\An Introduction to Generalized Linear Models£¬3rd.pdf:PDF},
}

@Book{Jiang2007,
  author    = {Jiming Jiang},
  publisher = {Springer Science & Business Media},
  title     = {Linear and generalized linear mixed models and their applications},
  year      = {2007},
}

@article{isidro2016,
  author    = {Isidro, Marissa and Haslett, Stephen and Jones, Geoff},
  journal   = {The Annals of Applied Statistics},
  title     = {Extended structure preserving estimation for updating small area estimates of poverty},
  year      = {2016},
  number    = {1},
  pages     = {451--476},
  volume    = {10},
  publisher = {Institute of Mathematical Statistics},
note = {DOI: https://doi.org/10.1214/15-AOAS900}
}

}

@Article{Luna2015,
  author  = {Luna-Hernández, Angela and Zhang, Li-Chun and Whitworth, Alison and Piller, Kirsten},
  journal = {Statistics in Transition new series},
  title   = {Small area estimates of the population distribution by ethnic group in England a proposal using structure preserving estimators},
  year    = {2015},
  number  = {4},
  pages   = {585--602},
  volume  = {16},
  note = {DOI: https://doi:10.21307/stattrans-2015-034}
}

@Article{Elbers,
  author  = {Elbers, Chris and Lanjouw, Jean O and Lanjouw, Peter},
  journal = {Econometrica},
  title   = {Micro-level estimation of poverty and inequality},
  year    = {2003},
  number  = {1},
  pages   = {355-364},
  volume  = {71},
}

@Booklet{Ley,
  title = {Ley del Sistema de Estadística Nacional. (Ley N° 9694, 2019). Costa Rica.},
  url   = {https://www.inec.go.cr/sites/default/files/documetos-biblioteca-virtual/lyley9694e.pdf},
}

@Manual{R,
  title        = {R: A Language and Environment for Statistical Computing},
  address      = {Vienna, Austria},
  author       = {{R Core Team}},
  organization = {R Foundation for Statistical Computing},
  year         = 2018,
  note          = {URL: http://www.R-project.org/},
}

@Book{Nations2019,
  author = {{United Nations}},
  title  = {The Sustainable Development Goals Report 2019},
  year   = {2019},
  doi    = {https://doi.org/https://doi.org/10.18356/55eb9109-en},
  note   = {URL: https://www.un-ilibrary.org/content/publication/55eb9109-en},
}

@Book{OECD2016,
  author = {{OECD}},
  title  = {OECD Economic Surveys: Costa Rica 2016},
  year   = {2016},
  doi    = {https://doi.org/https://doi.org/10.1787/eco_surveys-cri-2016-en},
  note    = {URL: https://www.oecd-ilibrary.org/content/publication/eco_surveys-cri-2016-en},
}

@Book{CEPAL2016,
  author    = {{CEPAL \& MIDEPLAN}},
  title     = {El enfoque de brechas estructurales: an{\'a}lisis del caso de Costa Rica},
  year      = {2016},
  publisher = {CEPAL},
  note = {Available at: https://www.cepal.org/es/publicaciones/40805-enfoque-brechas-estructurales-analisis-caso-costa-rica}
}

@Booklet{ArauzFernandez2018,
  title  = {La tendencia de largo plazo de la pobreza en Costa Rica: 1987-2017},
  author = {Ar{\'a}uz-Fern{\'a}ndez, Andr{\'e}s and Jim{\'e}nez-Rodr{\'i}guez, Ronulfo},
  year   = {2018},
}

@Book{Feres2001,
  author    = {Feres, Juan Carlos and Mancero, Xavier},
  publisher = {CEPAL},
  title     = {Enfoques para la medici{\'o}n de la pobreza: breve revisi{\'o}n de la literatura},
  year      = {2001},
}

@Book{INEC2015,
  author = {{INEC}},
  title  = {Índice de Pobreza Multidimensional (IPM). Metodología.},
  year   = {2015},
  note = {Available at: https://www.inec.cr/metodologias}
}

@Article{Belhadj2012,
  author  = {Belhadj, Besma and Limam, Mohamed},
  journal = {Economic Modelling},
  title   = {Unidimensional and multidimensional fuzzy poverty measures: New approach},
  year    = {2012},
  number  = {4},
  pages   = {995--1002},
  volume  = {29},
}

@Book{Lemmi2006,
  author    = {Lemmi, Achille A and Betti, Gianni},
  publisher = {Springer Science \& Business Media},
  title     = {Fuzzy set approach to multidimensional poverty measurement},
  year      = {2006},
}

@Article{Alkire2007,
  author  = {S Alkire and J Foster},
  journal = {OPHI working paper 7},
  title   = {Counting and multidimensional poverty measures.},
  year    = {2007},
  note = {Available at: https://ophi.org.uk/working-paper-number-07/ (accessed June 2021)}
}




@Book{Mancero2001,
  author    = {Feres, Juan Carlos and Mancero, Xavier},
  publisher = {{CEPAL}},
  title     = {{El método de las necesidades básicas insatisfechas (NBI) y sus aplicaciones en América Latina}},
  year      = {2001},
  note = {Available at: http://hdl.handle.net/11362/4784 (accessed June 2021)}
}



@Book{Pratesi2016,
  author    = {Pratesi, Monica},
  publisher = {John Wiley \& Sons},
  title     = {Analysis of poverty data by small area estimation},
  year      = {2016},
}


@Article{Das2019,
  author  = {Das, Sumonkanti and Haslett, Stephen},
  journal = {International Statistical Review},
  title   = {A comparison of methods for poverty estimation in developing countries},
  year    = {2019},
  number  = {2},
  volume  = {87},
    Pages   = {368-392}, 
    note = {DOI: https://doi.org/10.1111/insr.12314}

}


@InProceedings{Hidiroglou2009,
  author    = {Hidiroglou, MA and Patak, Z},
  booktitle = {Proceedings of the Survey Methods Section, Statistical Society of Canada},
  title     = {An Application of Small Area Estimation Techniques to the Canadian Labour Force Survey},
  year      = {2009},
}


@inproceedings{mendez2011mapas,
  title={Mapas de pobreza con datos censales},
  author={M{\'e}ndez, Floribel and Bravo, Odilia},
  booktitle={Simposio: Costa Rica a la luz del Censo 2011},
  year={2011}
}

@MastersThesis{Saenz2002,
  author = {Sáenz, Ignacio},
  school = {University of Costa Rica},
  title  = {Estimación de la cantidad de viviendas y consumo de agua.},
  year   = {2002},
}


@Book{Rao2003,
  Title                    = {Small area estimation},
  Author                   = {J. N. K. Rao},
  Publisher                = {Wiley},
  Year                     = {2003},

  Address                  = {New York}
}

@Book{Rao2015,
  Title                    = {Small area estimation},
  Author                   = {J. N. K. Rao and I. Molina},
  Publisher                = {Wiley},
  Year                     = {2015},
  Address                  = {New York},
  Edition                  = {2}
}




@Article{Pfeffermann2013,
  Title                    = {New important developments in small area estimation},
  Author                   = {D. Pfeffermann},
  Journal                  = {Statistical Science},
  Year                     = {2013},
  Pages                    = {40-68},
  Volume                   = {28},
  
  Issue                    = {(1)}
}

@Manual{metodologiacenso,
  title  = {{Ficha Metodológica: X Censo Nacional de Población y VI de Vivienda 2011. Resultados Generales}},
  author = {{INEC}},
  year   = {2012},
}

@Book{preston2001,
  Title                    = {Demography: measuring and modeling population processes},
  Author                   = {Preston, S and  Heuveline  P and  Guillot M},
  Publisher                = {Oxford: Blackwell Publishers Ltd},
  Year                     = {2001}
}


@Book{inecyccp2013,
  Title                    = {Estimaciones y Proyecciones de Población por sexo y edad 1950 - 2050},
  Author                   = {{INEC \& CCP}},
  Publisher                = {INEC},
    Address                  = {San José},
  Year                     = {2013}
}



@article{rojas2020data,
  title={Data-driven transformations in small area estimation},
  author={Rojas-Perilla, Natalia and Pannier, S{\"o}ren and Schmid, Timo and Tzavidis, Nikos},
  journal={Journal of the Royal Statistical Society: Series A (Statistics in Society)},
  volume={183},
  number={1},
  pages={121--148},
  year={2020},
  publisher={Wiley Online Library}
}

@Article{emdi,
    title = {The {R} Package {emdi} for Estimating and Mapping Regionally Disaggregated Indicators},
    author = {Ann-Kristin Kreutzmann and S\"oren Pannier and Natalia Rojas-Perilla and Timo Schmid and Matthias Templ and Nikos Tzavidis},
    journal = {Journal of Statistical Software},
    year = {2019},
    volume = {91},
    number = {7},
    pages = {1--33},
    doi = {10.18637/jss.v091.i07},
  }


@article{tzavidis2018start,
  title={From start to finish: a framework for the production of small area official statistics},
  author={Tzavidis, Nikolaos and Zhang, Li-Chun and Luna Hernandez, Angela and Schmid, Timo and Rojas-Perilla, Natalia},
  journal={Journal of the Royal Statistical Society: Series A (Statistics in Society)},
  volume={181},
  number={4},
  pages={927--979},
  year={2018}
}


@Book{INEC2017,
  author = {{INEC}},
  title  = {Encuesta Nacional de Hogares. Julio 2017. Resultados generales},
  year   = {2017},
}



@Book{Nations2015,
  author = {{United Nations}},
  title  = {The Millennium Development Goals Report 2015},
  year   = {2019},
  note    = {DOI: https://doi.org/https://doi.org/10.18356/55eb9109-en},
  url    = {https://www.un.org/millenniumgoals/2015_MDG_Report/pdf/MDG\%202015\%20rev\%20\%28July\%201\%29.pdf},
}

@article{box1964,
  title={An analysis of transformations},
  author={Box, George EP and Cox, David R},
  journal={Journal of the Royal Statistical Society: Series B (Methodological)},
  volume={26},
  number={2},
  pages={211--243},
  year={1964},
  publisher={Wiley Online Library}
}



@PhdThesis{berg2010small,
  author = {Berg, Emily},
  title  = {A small area procedure for estimating population counts},
  school = {Iowa State University},
  year   = {2010},
}


@book{bishop2007discrete,
  title={Discrete multivariate analysis: theory and practice},
  author={Bishop, Yvonne M and Fienberg, Stephen E and Holland, Paul W},
  year={2007},
  publisher={Springer Science \& Business Media}
}

@article{marker1999organization,
  title={Organization of Small Area Estimators Using a Generalized Linear Regression Framework.},
  author={Marker, David A},
  journal={Journal of Official Statistics},
  volume={15},
  number={1},
  pages={1-24},
  year={1999},
  publisher={Statistics Sweden (SCB)}
}

@article{berg2009spree,
  title={A SPREE small area procedure for estimating population counts},
  author={Berg, Emily and Fuller, Wayne A},
  journal={Proceedings of the Statistical Society of Canada},
  year={2009}
}


@book{eurostat2017,
  title={European statistics code of practice.},
  author={{Eurostat}},
  note = {Available at https://ec.europa.eu/eurostat/web/products-catalogues/-/KS-02-18-142. (accessed January 2021)},
  year={2017}
}


@article{EMWANU20062076,
title = {Updating Poverty Maps with Panel Data},
journal = {World Development},
volume = {34},
number = {12},
pages = {2076-2088},
year = {2006},
issn = {0305-750X},
doi = {https://doi.org/10.1016/j.worlddev.2006.03.005},
url = {https://www.sciencedirect.com/science/article/pii/S0305750X06001574},
author = {Thomas Emwanu and Johannes G. Hoogeveen and Paul {Okiira Okwi}}
}

@misc{united1956manual,
    title = {{Manual III. Methods for population projections by sex and age}},
    year = {1956},
    author = {{United Nations}},
    publisher = {Department of International Economic and Social Affairs New York}
}



@misc{Nations1973,
  author = {{United Nations}},
  title  = {{Manual VII. Methods of projecting households and families}},
  year   = {1973},
  publisher = {United Nations publication, Sales No. E.73.XIII.2.},
  }



@article{inecCBA,
author = {{INEC}},
year = {2011},
title = {{Boletín mensual. Costo de la canasta básica alimentaria, Julio 2011}},
url= {URL: https://inec.cr/sites/default/files/documentos/economia/costo_canasta_basica_alimentaria/publicaciones/reeconomcba072011-01.pdf}
}


@article{koebe2021intercensal,
  title={Intercensal updating using structure-preserving methods and satellite imagery},
  author={Koebe, Till and Arias-Salazar, Alejandra and Rojas-Perilla, Natalia and Schmid, Timo},
  journal={arXiv preprint arXiv:2103.03834},
  year={2021}
}