@Book{CEPAL2014,
  year      = {2014},
  author    = {{CEPAL}},
 title = {Panorama Social de América Latina},
  address = {Santiago de Chile}
}

@article{foster1984,
  title={A class of decomposable poverty measures},
  author={Foster, James and Greer, Joel and Thorbecke, Erik},
  journal={Econometrica},
  pages={761--766},
   volume       = {52},
  number       = {3},
  year={1984}
}

@article{weziak2014,
  title={Monitoring multidimensional poverty in the regions of the European Union},
  author={Weziak-Bialowolska, Dorota and Dijkstra, Lewis},
  journal={JRC science and policy reports.Publications Office of the European Union.},
  volume={26627},
  year={2014}, 
  address = {Luxembourg}
}


@Book{Mancero2001,
  author    = {Feres, Juan Carlos and Mancero, Xavier},
  publisher = {{CEPAL}},
  title     = {{El método de las necesidades básicas insatisfechas (NBI) y sus aplicaciones en América Latina}},
  year      = {2001},
  note = {Available at: http://hdl.handle.net/11362/4784 (accessed June 2021)}
}

@techreport{UnitedNationsGeneralAssembly2015ResDevelopment,
    title = {{Res 70/1. Transforming Our World: The 2030 Agenda for Sustainable Development}},
    year = {2015},
    author = {{United Nations General Assembly}},
    url = {https://www.un.org/en/development/desa/population/migration/generalassembly/docs/globalcompact/A_RES_70_1_E.pdf},
    institution = {United Nations General Assembly}
}




@techreport{DANE2019,
    title = {{Informe Comité nacional de expertos para la evaluación dle censo nacional de población y vivienda de colombia 2018}},
    year = {2019},
    author = {{DANE}}
}


@article{moretti2021small,
  title={Small area estimation of latent economic well-being},
  author={Moretti, Angelo and Shlomo, Natalie and Sakshaug, Joseph W},
  journal={Sociological Methods \& Research},
  volume={50},
  number={4},
  pages={1660--1693},
  year={2021},
  publisher={SAGE Publications Sage CA: Los Angeles, CA}
}

@Article{Alkire2007,
  author  = {S Alkire and J Foster},
  journal = {OPHI working paper 7},
  title   = {Counting and multidimensional poverty measures.},
  year    = {2007},
  note = {Available at: https://ophi.org.uk/working-paper-number-07/ (accessed June 2021)}
}


@Book{Lemmi2006,
  author    = {Lemmi, Achille A and Betti, Gianni},
  publisher = {Springer Science \& Business Media},
  title     = {Fuzzy set approach to multidimensional poverty measurement},
  year      = {2006},
}


@Article{Belhadj2012,
  author  = {Belhadj, Besma and Limam, Mohamed},
  journal = {Economic Modelling},
  title   = {Unidimensional and multidimensional fuzzy poverty measures: New approach},
  year    = {2012},
  number  = {4},
  pages   = {995--1002},
  volume  = {29},
}


@Book{Rao2015,
  Title                    = {Small area estimation},
  Author                   = {J. N. K. Rao and I. Molina},
  Publisher                = {Wiley},
  Year                     = {2015},
  Address                  = {New York},
  Edition                  = {2}
}



@Book{Pratesi2016,
  author    = {Pratesi, Monica},
  publisher = {John Wiley \& Sons},
  title     = {Analysis of poverty data by small area estimation},
  year      = {2016},
}



@Article{Pfeffermann2013,
  Title                    = {New important developments in small area estimation},
  Author                   = {D. Pfeffermann},
  Journal                  = {Statistical Science},
  Year                     = {2013},
  Pages                    = {40-68},
  Volume                   = {28},
  
  Issue                    = {(1)}
}


@article{tzavidis2018start,
  title={From start to finish: a framework for the production of small area official statistics},
  author={Tzavidis, Nikolaos and Zhang, Li-Chun and Luna Hernandez, Angela and Schmid, Timo and Rojas-Perilla, Natalia},
  journal={Journal of the Royal Statistical Society: Series A (Statistics in Society)},
  volume={181},
  number={4},
  pages={927--979},
  year={2018}
}
